
@article{Smolyanov:ElConRus:2019,
author = {Smolyanov, Ivan and Sarapulov, Fedor and Tarasov, Fedor},
doi = {10.1016/j.camwa.2019.05.015},
issn = {08981221},
journal = {Computers and Mathematics with Applications},
keywords = {Analytical coefficient,CFD,Detailed equivalent circuit,Linear induction motor,Non-linear aerodynamic resistance,Thermal modes},
mendeley-groups = {MyWorks},
number = {9},
pages = {3187--3199},
title = {{Calculation of linear induction motor features by detailed equivalent circuit method taking into account non-linear electromagnetic and thermal properties}},
volume = {78},
year = {2019}, 
authorvark = {False},
authorscopus = {True},
authorwos = {True},
authorconf = {False},
authoranother = {False}
}

@article{Smolianov:MHD1:2021,
author = {Smolianov, I. and Shmakov, E. and Vencels, J.},
doi = {10.22364/mhd.57.1.9},
issn = {15740579},
journal = {Magnetohydrodynamics},
mendeley-groups = {MyWorks},
number = {1},
pages = {105--119},
title = {{Numerical analysis of liquid flows exposed to travelling magnetic field. 1. idealized numerical experiment}},
volume = {57},
year = {2021},
authorvark = {False},
authorscopus = {True},
authorwos = {True},
authorconf = {False},
authoranother = {False}
}

@article{Smolianov:MHD2:2021,
author = {Smolianov, I. and Shmakov, E. and Vencels, J.},
doi = {10.22364/mhd.57.1.10},
issn = {15740579},
journal = {Magnetohydrodynamics},
mendeley-groups = {MyWorks},
number = {1},
pages = {121--132},
title = {{Numerical analysis of liquid flows exposed to travelling magnetic field. 2. mhd instabilities due to magnetic end effects}},
volume = {57},
year = {2021}, 
authorvark = {False},
authorscopus = {True},
authorwos = {True},
authorconf = {False},
authoranother = {False}
}

@article{Shvydkiy:MHD:2017,
author = {Shvydkiy, E. and Zaharov, V. and Bolotin, K. and Smolyanov, I. and Sarapulov, S.},
doi = {10.22364/mhd.53.4.12},
issn = {15740579},
journal = {Magnetohydrodynamics},
mendeley-groups = {MyWorks},
number = {4},
pages = {707--713},
title = {{Numerical modeling of the travelling magnetic field stirrer for liquid lithium}},
volume = {53},
year = {2017},
authorvark = {False},
authorscopus = {True},
authorwos = {True},
authorconf = {False},
authoranother = {False}
}

@article{Sarapulov:MHD:2017,
author = {Sarapulov, F. and Smolyanov, I. and Tarasov, F. and Bolotin, K. and Shvydkiy, E.},
doi = {10.22364/mhd.53.4.2},
issn = {15740579},
journal = {Magnetohydrodynamics},
mendeley-groups = {MyWorks},
number = {4},
pages = {603--609},
title = {{Numerical simulation of double side linear induction pump for liquid magnesium}},
volume = {53},
year = {2017},
authorvark = {False},
authorscopus = {True},
authorwos = {True},
authorconf = {False},
authoranother = {False}
}

@article{Bolotin:MHD:2017,
author = {Bolotin, K. and Smolyanov, I. and Shvydkiy, E. and Frizen, V. and Bychkov, S.},
doi = {10.22364/mhd.53.4.14},
issn = {15740579},
journal = {Magnetohydrodynamics},
mendeley-groups = {MyWorks},
number = {4},
pages = {723--730},
title = {{Numerical simulation of the electromagnetic stirrer adapted by using magnetodielectric composite}},
volume = {53},
year = {2017},
authorvark = {False},
authorscopus = {True},
authorwos = {True},
authorconf = {False},
authoranother = {False}
}

@inproceedings{Bolotin:ElconRus:2017,
author = {Bolotin, Kirill E. and Shvydkiy, Evgeniy L. and Frizen, Vasiliy E. and Smolyanov, Ivan A.},
booktitle = {Proceedings of the 2017 IEEE Russia Section Young Researchers in Electrical and Electronic Engineering Conference, ElConRus 2017},
doi = {10.1109/EIConRus.2017.7910855},
isbn = {9781509048656},
keywords = {COMSOL,Cermets,Hightemperature,Induction pump,Magnetodielectric,Modernized},
mendeley-groups = {MyWorks},
pages = {1488--1490},
title = {{Numerical simulation of electromagnetic processes of the modernized MHD-pump for dispensing molten aluminium from the stationary induction furnace}},
year = {2017},
authorvark = {False},
authorscopus = {True},
authorwos = {True},
authorconf = {True},
authoranother = {False}
}

@inproceedings{Smolyanov:ElconRus:2017,
author = {Smolyanov, Ivan A. and Shvydkiy, Evgeny L. and Sarapulov, Fedor N. and Sarapulov, Sergey F.},
booktitle = {Proceedings of the 2017 IEEE Russia Section Young Researchers in Electrical and Electronic Engineering Conference, ElConRus 2017},
doi = {10.1109/EIConRus.2017.7910877},
isbn = {9781509048656},
keywords = {Detailed magnetic equivalent circuit,Finite elements,Induction pump,MHD pump,Three-dimensional problem,Verification},
mendeley-groups = {MyWorks},
pages = {1590--1593},
title = {{Research electromechanical characteristics of magnetohydrodynamic pump}},
year = {2017},
authorvark = {False},
authorscopus = {True},
authorwos = {True},
authorconf = {True},
authoranother = {False}
}

@inproceedings{Smolyanov:ELEKTRO:2018,
author = {Smolyanov, Ivan A. and Karban, Pavel},
booktitle = {12th International Conference ELEKTRO 2018, 2018 ELEKTRO Conference Proceedings},
doi = {10.1109/ELEKTRO.2018.8398325},
isbn = {9781538647592},
keywords = {finite element method,induction pump,numerical analysis,objective function,optimal design,optimization},
mendeley-groups = {MyWorks},
pages = {1--4},
title = {{Optimal design of MHD pump}},
year = {2018},
authorvark = {False},
authorscopus = {True},
authorwos = {True},
authorconf = {True},
authoranother = {False}
}

@inproceedings{Smolyanov:ElconRus:2018,
abstract = {The design optimization of the laboratory induction pump is carried out. The forward task is formulated as a nonlinear magnetic problem that is solved by the professional code COMSOL Multiphysics. The backward (optimal design) problem is solved by Coordinate search, BOBYQA, Monte Carlo, and Nelder-Mead algorithms implemented in COMSOL and also by some other algorithms built in OPTILAB, which is a module of open source code Agros Suite. The methodology is illustrated with an example. The result of optimization is the reduction of mass of selected parts of the pump, while the resultant force acting on the secondary element increases. Benefits of all optimization methods are discussed.},
author = {Smolyanov, Ivan A. and Kotlan, Vaclav and Dolezel, Ivo and Karban, Pavel},
booktitle = {Proceedings of the 2018 IEEE Conference of Russian Young Researchers in Electrical and Electronic Engineering, ElConRus 2018},
doi = {10.1109/EIConRus.2018.8317210},
isbn = {9781538643396},
keywords = {FEM,Induction pump,Objective function,Optimal design,Optimization,Statial harmonics},
mendeley-groups = {MyWorks},
pages = {793--798},
title = {{Shape optimization of laboratory induction pump}},
volume = {2018-Janua},
year = {2018},
authorvark = {False},
authorscopus = {True},
authorwos = {True},
authorconf = {True},
authoranother = {False}
}

@inproceedings{Smolyanov:ElConRus:2018_lev,
booktitle = {Proceedings of the 2018 IEEE Conference of Russian Young Researchers in Electrical and Electronic Engineering, ElConRus 2018},
doi = {10.1109/EIConRus.2018.8317211},
isbn = {9781538643396},
keywords = {Determining the position,FEM,Levitation melting},
mendeley-groups = {MyWorks},
pages = {799--802},
title = {{The problem of determining the position of the metal in levitation melting}},
volume = {2018-Janua},
year = {2018},
authorvark = {False},
authorscopus = {True},
authorwos = {True},
authorconf = {True},
authoranother = {False}
}

@inproceedings{Shmakov:ElConRus:2020,
author = {Shmakov, Evgeniy I. and Smolyanov, Ivan A. and Tarchutkin, Nikolay V.},
booktitle = {Proceedings of the 2020 IEEE Conference of Russian Young Researchers in Electrical and Electronic Engineering, EIConRus 2020},
doi = {10.1109/EIConRus49466.2020.9039053},
isbn = {9781728157610},
keywords = {Elmer,induction pump,linear induction motor,open source,three-dimensional model,transverse edge effect},
mendeley-groups = {MyWorks},
pages = {862--866},
title = {{Calculation of Magnetic Field of Induction Pump Using Open Source Software}},
year = {2020}, 
authorvark = {False},
authorscopus = {True},
authorwos = {True},
authorconf = {True},
authoranother = {False}
}

@inproceedings{Smolyanov:ElConRus:2020,
author = {Smolyanov, Ivan A.},
booktitle = {Proceedings of the 2020 IEEE Conference of Russian Young Researchers in Electrical and Electronic Engineering, EIConRus 2020},
doi = {10.1109/EIConRus49466.2020.9039017},
isbn = {9781728157610},
keywords = {Comsol Multiphysics,Elmer,FEA,FEM,Numerical simulatin,Open source},
mendeley-groups = {MyWorks},
pages = {878--882},
title = {{Comparison of Different Approaches to Calculate Magnetic Field of Moving Magnets for Liquid Metal Stirring}},
year = {2020}, 
authorvark = {False},
authorscopus = {True},
authorwos = {True},
authorconf = {True},
authoranother = {False}
}
@inproceedings{Tarchutkin:ElConRus:2020,
author = {Tarchutkin, N. V. and Smolyanov, I. A.},
booktitle = {IOP Conference Series: Materials Science and Engineering},
doi = {10.1088/1757-899X/950/1/012019},
issn = {1757899X},
mendeley-groups = {MyWorks},
number = {1},
title = {{Machine learning application for magnetohydrodynamic pump research}},
volume = {950},
year = {2020},
authorvark = {False},
authorscopus = {True},
authorwos = {True},
authorconf = {True},
authoranother = {False}
}

@inproceedings{Shvidkiy:ElconRus:2016,
author = {Shvidkiy, E. L. and Sokunov, B. A. and Uskov, I. A. and Smolyanov, I. A.},
booktitle = {Proceedings of the 2016 IEEE North West Russia Section Young Researchers in Electrical and Electronic Engineering Conference, EIConRusNW 2016},
doi = {10.1109/EIConRusNW.2016.7448275},
isbn = {9781509004454},
keywords = {Magnetohydrodynamics,continuous casting,cylindrical linear induction motor,finite element method,traveling electromagnetic field},
mendeley-groups = {MyWorks},
pages = {685--688},
title = {{Simulation of continuous casting process with electromagnetic influence to the ingot liquid phase}},
year = {2016},
authorvark = {False},
authorscopus = {True},
authorwos = {True},
authorconf = {True},
authoranother = {False}
}
